<?xml version="1.0" encoding="UTF-8"?><collection xmlns="http://www.loc.gov/MARC21/slim"><record><leader>00402nam--2200133-i-4500</leader><controlfield tag="001">000039906</controlfield><controlfield tag="002">20161230</controlfield><controlfield tag="005">20161230201042</controlfield><controlfield tag="008">060222s1000------------r-----000-0-eng-d</controlfield><datafield ind1=" " ind2=" " tag="080"><subfield code="a">530.12(061.3)</subfield></datafield><datafield ind1=" " ind2=" " tag="245"><subfield code="a">Meeting on general relativity, organized and held at the int.centre for theoretical ph..</subfield></datafield><datafield ind1=" " ind2=" " tag="260"><subfield code="a">Amsterdam, North-holland Publ.Comp.,1977. Xv+671 P</subfield></datafield><datafield ind1=" " ind2=" " tag="700"><subfield code="a">Ruffini,Remo</subfield></datafield><datafield ind1=" " ind2=" " tag="852"><subfield code="a">45941</subfield></datafield></record></collection>